@article{iandola2016squeezenet,
	author = {Forrest N. Iandola and Matthew W. Moskewicz and Khalid Ashraf and Song Han and William J. Dally and Kurt Keutzer},
	title = {SqueezeNet: AlexNet-level accuracy with 50x fewer parameters and {\textless}1MB
	model size},
	journal = {CoRR},
	volume = {abs/1602.07360},
	year = {2016},
	url = {http://arxiv.org/abs/1602.07360},
	eprinttype = {arXiv},
	eprint = {1602.07360},
	doi = {10.48550/arXiv.1602.07360}
}

@article{howard2017mobilenets,
	author = {Andrew G. Howard and Menglong Zhu and Bo Chen and Dmitry Kalenichenko and Weijun Wang and Tobias Weyand and Marco Andreetto and Hartwig Adam},
	title = {MobileNets: Efficient Convolutional Neural Networks for Mobile Vision Applications},
	journal = {CoRR},
	volume = {abs/1704.04861},
	year = {2017},
	url = {http://arxiv.org/abs/1704.04861},
	eprinttype = {arXiv},
	eprint = {1704.04861},
	doi = {10.48550/arXiv.1704.04861}
}

@article{sandler2018mobilenetv2,
	author = {Mark Sandler and Andrew G. Howard and Menglong Zhu and Andrey Zhmoginov and Liang{-}Chieh Chen},
	title = {MobileNetV2: Inverted Residuals and Linear Bottlenecks},
	journal = {CoRR},
	volume = {abs/1801.04381},
	year = {2018},
	url = {http://arxiv.org/abs/1801.04381},
	eprinttype = {arXiv},
	eprint = {1801.04381},
	doi = {10.48550/arXiv.1801.04381}
}

@inproceedings{zhang2018shufflenet,
	author = {Xiangyu Zhang and Xinyu Zhou and Mengxiao Lin and Jian Sun},
	title = {ShuffleNet: An Extremely Efficient Convolutional Neural Network for Mobile Devices},
	booktitle = {Proceedings of the IEEE Conference on Computer Vision and Pattern Recognition},
	month = {6},
	year = {2018},
	pages = {6848--6856},
	doi = {10.1109/CVPR.2018.00716},
	url = {https://doi.ieeecomputersociety.org/10.1109/CVPR.2018.00716},
	publisher = {IEEE Computer Society},
	address = {Los Alamitos, CA, USA},
}

@inproceedings{mehta2018espnet,
	title = {ESPNet: Efficient Spatial Pyramid of Dilated Convolutions for Semantic Segmentation},
	author = {Sachin Mehta and Mohammad Rastegari and Anat Caspi and Linda Shapiro and Hannaneh Hajishirzi},
	booktitle = {Proceedings of the European Conference on Computer Vision (ECCV)},
	pages = {552--568},
	year = {2018}
}

@phdthesis{yaozong2019design,
	author = {T. Yaozong},
	title = {Design and Implementation of FPGA-Based Convolutional Neural Network Gas Pedal},
	institution = {University of Electronic Science and Technology},
	location = {Chengdu, China},
	year = {2019}
}

@article{bingchen2019fpga,
	author = {Li Bingchen and Huang Lu},
	title = {An FPGA implementation of a mobile convolutional neural network},
	journal = {Microelectronics \& Computer},
	shortjournal = {Microelectron. Comput.},
	year = {2019},
	volume = {36},
	number = {9},
	pages = {7-11},
	issn = {1000-7180},
	url = {http://www.journalmc.com/en/article/id/0095388d-8245-40e4-a154-d3cc69f5cfa6},
}

@thesis{xiaokang2019design,
	author = {Bu Xiaokang},
	title = {Design and Implementation of FPGA-Based Hardware Acceleration Circuit for Convolutional Neural Network Image Classification Algorithm},
	institution = {Southeast University},
	location = {Nanjing, China},
	year = {2019},
	origlanguage = {zh-CHS},
	doi = {10.27014/d.cnki.gdnau.2019.003651}
}

@thesis{binfeng2019design,
	author = {Liu Binfeng},
	title = {Design and FPGA Implementation of a Convolutional Neural Network Acceleration Circuit},
	institution = {Southeast University},
	location = {Nanjing, China},
	year = {2019},
	origlanguage = {zh},
	doi = {10.27014/d.cnki.gdnau.2019.003199}
}

@thesis{hui2021convolutional,
	author = {Li Hui},
	title = {Convolutional Neural Network Research and FPGA Implementation for Handwritten Digit Recognition},
	institution = {Xi'an Shiyou University},
	location = {Xi'an, China},
	year = {2021},
	origlanguage = {zh},
	doi = {10.27400/d.cnki.gxasc.2021.000839}
}
