@inproceedings{main,
	author={Yifan Yang
		and Qijing Huang
		and Bichen Wu
		and Tianjun Zhang
		and Liang Ma
		and Giulio Gambardella
		and Michaela Blott
		and Luciano Lavagno
		and Kees Vissers
		and John Wawrzynek
		and Kurt Keutzer
	},
	title={Synetgy},
	subtitle={Algorithm-hardware Co-design for ConvNet Accelerators on Embedded FPGAs},
	booktitle={Proceedings of the 2019 ACM/SIGDA International Symposium on Field-Programmable Gate Arrays},
	shortbooktitle={ACM/SIGDA},
	location={Seaside, CA, USA},
	series={FPGA '19},
	year={2019},
	publisher={Association for Computing Machinery},
	address={New York, NY, USA},
	pages={23--32},
	numpages={10},
	keywords={computer vision problems, embedded hardware, fpga, hardware accelerators, hardware-software codesign, imagenet classification, neural networks},
	doi={10.1145/3289602.3293902},
	isbn={9781450361378}
}
