@article{phipps2023pre,
	author = {Nicholas Phipps and Jin-Jia Shang and Tee Hui Teo and I-Chyn Wey},
	title = {Pre-Computing Batch Normalisation Parameters for Edge Devices on a Binarized Neural Network},
	journal = {Sensors},
	volume = {23},
	number = {12},
	article-number = {5556},
	year = {2023},
	publisher = {MDPI},
	pubmedid = {37420727},
	issn = {1424-8220},
	doi = {10.3390/s23125556},
	url = {https://www.mdpi.com/1424-8220/23/12/5556}
}

@article{baedorf2023reverse,
	author = {Elias N. Baedorf-Kassis and Jakub Glowala and Károly Bence Póka and Federico Wadehn and Johannes Meyer and Daniel Talmor},
	title = {Reverse triggering neural network and rules-based automated detection in acute respiratory distress syndrome},
	journal = {Journal of Critical Care},
	volume = {75},
	article-number = {154256},
	year = {2023},
	publisher = {Elsevier},
  	issn = {0883-9441},
	doi = {10.1016/j.jcrc.2023.154256},
	url = {https://www.sciencedirect.com/science/article/pii/S0883944123000059}
}

@article{aydin2023fpga,
	author = {Seda Guzel Aydin and Hasan Şakir Bilge},
	title = {FPGA Implementation of Image Registration Using Accelerated CNN},
	journal = {Sensors},
	volume = {23},
	number = {14},
	article-number = {6590},
	year = {2023},
	publisher = {MDPI},
	pubmedid = {37514883},
	issn = {1424-8220},
	doi = {10.3390/s23146590},
	url = {https://www.mdpi.com/1424-8220/23/14/6590}
}

@article{pistellato2023quantization,
	author = {Mara Pistellato and Filippo Bergamasco and Gianluca Bigaglia and Andrea Gasparetto and Andrea Albarelli and Marco Boschetti and Roberto Passerone},
	title = {Quantization-Aware NN Layers with High-throughput FPGA Implementation for Edge AI},
	journal = {Sensors},
	volume = {23},
	number = {10},
	article-number = {4667},
	year = {2023},
	publisher = {MDPI},
	pubmedid = {37430583},
	issn = {1424-8220},
	doi = {10.3390/s23104667},
	url = {https://www.mdpi.com/1424-8220/23/10/4667}
}

@article{madineni2023parameterizable,
	author = {Mukesh Chowdary Madineni and Mario Vega and Xiaokun Yang},
	title = {Parameterizable Design on Convolutional Neural Networks Using Chisel Hardware Construction Language},
	journal = {Micromachines},
	volume = {14},
	year = {2023},
	number = {3},
	article-number = {531},
	publisher={MDPI},
	pubmedid = {36984938},
	issn = {2072-666X},
	doi = {10.3390/mi14030531},
	url = {https://www.mdpi.com/2072-666X/14/3/531}
}

@article{naufal2023comparative,
	title = {A Comparative Study of MobileNet Architecture Optimizer for Crowd Prediction},
	author = {Permana Langgeng Wicaksono Ellwid Putra and Muhammad Naufal and Erwin Yudi Hidayat and others},
	journal = {Jurnal Informatika: Jurnal Pengembangan IT},
	volume = {8},
	number = {3},
	pages = {241--247},
	year = {2023},
	publisher = {MDPI},
	issn = {2477-5126},
	doi = {10.30591/jpit.v8i3.5703},
	url = {https://ejournal.poltekharber.ac.id/index.php/informatika/article/view/5703}
}

@article{yan2023end,
	author = {Yan, Fei and Zhang, Hui and Li, Yaogen and Yang, Yongjia and Liu, Yinping},
	title = {End-to-End: A Simple Template for the Long-Tailed-Recognition of Transmission Line Clamps via a Vision-Language Model},
	journal = {Applied Sciences},
	volume = {13},
	year = {2023},
	number = {5},
	article-number = {3287},
	issn = {2076-3417},
	publisher = {MDPI},
	doi = {10.3390/app13053287},
	url = {https://www.mdpi.com/2076-3417/13/5/3287}
}
