@inproceedings{mobilenet2019fpga,
	author={Di Wu
		and Yu Zhang
		and Xijie Jia
		and Lu Tian
		and Tianping Li
		and Lingzhi Sui
		and Dongliang Xie
		and Yi Shan
	},
	title={A High-Performance CNN Processor Based on FPGA for MobileNets}, 
	booktitle={2019 29th International Conference on Field Programmable Logic and Applications},
	shortbooktitle={FPL},
	year={2019},
	pages={136--143},
	keywords={Engines;Convolution;Standards;Field programmable gate arrays;Schedules;Acceleration;Computational modeling;convolution neural network;FPGA;hardware accelerator;MobileNet},
	doi={10.1109/FPL.2019.00030},
	isbn={978-1-7281-4885-4},
	issn={1946-1488},
	eventdate={2019-09-08/2019-09-12}
}

@inproceedings{mobilenet2021fpga,
	author={Shun Yan
		and Zhengyan Liu
		and Yun Wang
		and Chenglong Zeng
		and Qiang Liu
		and Bowen Cheng
		and Ray C.C. Cheung
	},
	booktitle={2021 31st International Conference on Field-Programmable Logic and Applications},
	shortbooktitle={FPL},
	title={An FPGA-based MobileNet Accelerator Considering Network Structure Characteristics}, 
	year={2021},
	pages={17--23},
	keywords={Quantization (signal);Embedded systems;Convolution;Graphics processing units;Hardware;Convolutional neural networks;Data communication},
	doi={10.1109/FPL53798.2021.00011},
	isbn={978-1-6654-4243-5},
	issn={1946-1488},
	eventdate={2021-08-30/2021-09-03}
}
