@inproceedings{espnet,
	author={Sachin Mehta
		and Mohammad Rastegari
		and Anat Caspi
		and Linda Shapiro
		and Hannaneh Hajishirzi
	},
	editor={Vittorio Ferrari
		and Martial Hebert
		and Cristian Sminchisescu
		and Yair Weiss
	},
	title={ESPNet},
	subtitle={Efficient Spatial Pyramid of Dilated Convolutions for Semantic Segmentation},
	booktitle={Proceedings of the European Conference on Computer Vision},
	shortbooktitle={ECCV},
	year={2018},
	pages={552--568},
	doi={10.1007/978-3-030-01249-6_34},
	isbn={978-3-030-01249-6}
}

@inproceedings{ghostnetv1,
	author={Kai Han
		and Yunhe Wang
		and Qi Tian
		and Jianyuan Guo
		and Chunjing Xu
		and Chang Xu
	},
	title={GhostNet},
	subtitle={More Features From Cheap Operations}, 
	booktitle={2020 IEEE/CVF Conference on Computer Vision and Pattern Recognition},
	shortbooktitle={CVPR},
	year={2020},
	pages={1577--1586},
	keywords={Convolution;Computational modeling;Computer architecture;Redundancy;Biological neural networks;Convolutional neural networks},
	doi={10.1109/CVPR42600.2020.00165},
	isbn={978-1-7281-7168-5},
	issn={2575-7075},
	eventdate={2020-06-13/2020-06-19}
}

@article{ghostnetv2,
	author={Yehui Tang
		and Kai Han
		and Jianyuan Guo
		and Chang Xu
		and Chao Xu
		and Yunhe Wang
	},
	title={GhostNetv2},
	subtitle={Enhance cheap operation with long-range attention},
	journal={Advances in Neural Information Processing Systems},
	shortjournal={NeurIPS},
	volume={35},
	publisher={Curran Associates, Inc.},
	pages={9969--9982},
	year={2022}
}

@article{mobilenetv1,
	author={Andrew G. Howard
		and Menglong Zhu
		and Bo Chen
		and Dmitry Kalenichenko
		and Weijun Wang
		and Tobias Weyand
		and Marco Andreetto
		and Hartwig Adam
	},
	title={Mobilenets},
	subtitle={Efficient convolutional neural networks for mobile vision applications},
	journal={CoRR},
	volume={abs/1704.04861},
	year={2017},
	doi={10.48550/arXiv.1704.04861},
	url={http://arxiv.org/abs/1704.04861},
	eprinttype={arXiv},
	eprint={1704.04861}
}

@inproceedings{mobilenetv2,
	title={Mobilenetv2},
	subtitle={Inverted residuals and linear bottlenecks},
	author={Mark Sandler
		and Andrew Howard
		and Menglong Zhu
		and Andrey Zhmoginov
		and Liang-Chieh Chen
	},
	booktitle={2018 IEEE/CVF Conference on Computer Vision and Pattern Recognition}, 
	shortbooktitle={CVPR}, 
	year={2018},
	pages={4510--4520},
	doi={10.1109/CVPR.2018.00474},
	isbn={978-1-5386-6421-6},
	issn={2575-7075},
	eventdate={2018-06-18/2018-06-23}
}

@inproceedings{mobilenetv3,
	author={Andrew Howard
		and Mark Sandler
		and Bo Chen
		and Weijun Wang
		and Liang-Chieh Chen
		and Mingxing Tan
		and Grace Chu
		and Vijay Vasudevan
		and Yukun Zhu
		and Ruoming Pang
		and Hartwig Adam
		and Quoc Le
	},
	title={Searching for MobileNetV3}, 
	booktitle={2019 IEEE/CVF International Conference on Computer Vision},
	shortbooktitle={ICCV},
	year={2019},
	pages={1314--1324},
	keywords={Computer architecture;Proposals;Computational modeling;Image segmentation;Neural networks;Next generation networking;Mobile handsets},
	doi={10.1109/ICCV.2019.00140},
	isbn={978-1-7281-4804-5},
	issn={2380-7504},
	eventdate={2019-10-27/2019-11-27}
}

@inproceedings{shufflenetv1,
	author={Xiangyu Zhang
		and Xinyu Zhou
		and Mengxiao Lin
		and Jian Sun
	},
	title={Shufflenet},
	subtitle={An Extremely Efficient Convolutional Neural Network for Mobile Devices},
	booktitle={2018 IEEE/CVF Conference on Computer Vision and Pattern Recognition}, 
	shortbooktitle={CVPR}, 
	year={2018},
	pages={6848--6856},
	keywords={Convolution;Complexity theory;Computer architecture;Mobile handsets;Computational modeling;Task analysis;Neural networks},
	doi={10.1109/CVPR.2018.00716},
	isbn={978-1-5386-6421-6},
	issn={2575-7075},
	eventdate={2020-06-18/2020-06-23}
}

@inproceedings{shufflenetv2,
	author={Ningning Ma
		and Xiangyu Zhang
		and Hai-Tao Zheng
		and Jian Sun
	},
	editor={Vittorio Ferrari
		and Martial Hebert
		and Cristian Sminchisescu
		and Yair Weiss
	},
	title={Shufflenet v2},
	subtitle={Practical guidelines for efficient cnn architecture design},
	booktitle={Proceedings of the European conference on computer vision},
	shortbooktitle={ECCV},
	publisher={Springer International Publishing},
	shortpublisher={Springer},
	pages={116--131},
	year={2018},
	doi={10.1007/978-3-030-01264-9_8},
	isbn={978-3-030-01264-9}
}

@article{squeezenet,
	author={Forrest N. Iandola
		and Matthew W. Moskewicz
		and Khalid Ashraf
		and Song Han
		and William J. Dally
		and Kurt Keutzer
	},
	title={SqueezeNet},
	subtitle={AlexNet-level accuracy with 50x fewer parameters and {\textless}1MB model size},
	journal={CoRR},
	volume={abs/1602.07360},
	year={2016},
	url={http://arxiv.org/abs/1602.07360},
	eprinttype={arXiv},
	eprint={1602.07360},
	doi={10.48550/arXiv.1602.07360}
}
