@article{old,
	author={Fei Yan and Zhuangzhuang Zhang and Yinping Liu and Jia Liu},
	title={Design of Convolutional Neural Network Processor Based on FPGA Resource Multiplexing Architecture},
	shorttitle={CNN Resource Muxing},
	journal={Sensors},
	volume={22},
	year={2022},
	number={16},
	article-number={5967},
	url={https://www.mdpi.com/1424-8220/22/16/5967},
	pubmedid={36015728},
	issn={1424-8220},
	doi={10.3390/s22165967}
}
