@article{mobilenet2018fpga,
	author={Lin Bai
		and Yiming Zhao
		and Xinming Huang
	},
	title={A CNN Accelerator on FPGA Using Depthwise Separable Convolution},
	journal={IEEE Transactions on Circuits and Systems II: Express Briefs},
	year={2018},
	volume={65},
	number={10},
	pages={1415--1419},
	keywords={Convolution;Standards;Field programmable gate arrays;Adders;Bandwidth;System-on-chip;Engines;Convolutional neural network;FPGA;hardware accelerator;MobileNetV2},
	doi={10.1109/TCSII.2018.2865896},
	issn={1549-7747}
}

@inproceedings{mobilenet2019fpga,
	author={Di Wu
		and Yu Zhang
		and Xijie Jia
		and Lu Tian
		and Tianping Li
		and Lingzhi Sui
		and Dongliang Xie
		and Yi Shan
	},
	title={A High-Performance CNN Processor Based on FPGA for MobileNets}, 
	booktitle={2019 29th International Conference on Field Programmable Logic and Applications},
	shortbooktitle={FPL},
	year={2019},
	pages={136--143},
	keywords={Engines;Convolution;Standards;Field programmable gate arrays;Schedules;Acceleration;Computational modeling;convolution neural network;FPGA;hardware accelerator;MobileNet},
	doi={10.1109/FPL.2019.00030},
	isbn={978-1-7281-4885-4},
	issn={1946-1488},
	eventdate={2019-09-08/2019-09-12}
}

@inproceedings{mobilenet2021fpga,
	author={Shun Yan
		and Zhengyan Liu
		and Yun Wang
		and Chenglong Zeng
		and Qiang Liu
		and Bowen Cheng
		and Ray C.C. Cheung
	},
	booktitle={2021 31st International Conference on Field-Programmable Logic and Applications},
	shortbooktitle={FPL},
	title={An FPGA-based MobileNet Accelerator Considering Network Structure Characteristics}, 
	year={2021},
	pages={17--23},
	keywords={Quantization (signal);Embedded systems;Convolution;Graphics processing units;Hardware;Convolutional neural networks;Data communication},
	doi={10.1109/FPL53798.2021.00011},
	isbn={978-1-6654-4243-5},
	issn={1946-1488},
	eventdate={2021-08-30/2021-09-03}
}

@inproceedings{mobilenet2018rr,
	author={Jiang Su
		and Julian Faraone
		and Junyi Liu
		and Yiren Zhao
		and David B. Thomas
		and Philip H.W. Leong
		and Peter Y.K. Cheung
	},
	editor={Nikolaos Voros
		and Michael Huebner
		and Georgios Keramidas
		and Diana Goehringer
		and Christos Antonopoulos
		and Pedro C. Diniz
	},
	title={Redundancy-Reduced MobileNet Acceleration on Reconfigurable Logic for ImageNet Classification},
	booktitle={Applied Reconfigurable Computing. Architectures, Tools, and Applications},
	shortbooktitle={ARC},
	publisher={Springer International Publishing},
	pages={16--28},
	year={2018},
	doi={10.1007/978-3-319-78890-6_2},
	isbn={978-3-319-78890-6},
	eventdate={2018-05-02/2018-05-04}
}

@software{solovyev2019mobilenet,
	title={MobileNet in FPGA},
	author={Roman Solovyev},
	year={2019},
	url={https://github.com/ZFTurbo/MobileNet-in-FPGA}
}
